<?xml version="1.0" encoding="UTF-8"?><collection xmlns="http://www.loc.gov/MARC21/slim"><record><leader>00383nam--2200121-i-4500</leader><controlfield tag="001">000024790</controlfield><controlfield tag="002">20161230</controlfield><controlfield tag="005">20161230201035</controlfield><controlfield tag="008">060222s1000------------r-----000-0-eng-d</controlfield><datafield ind1=" " ind2=" " tag="245"><subfield code="a">Handbook on the physics and chemistry of rare earths. two-hundred year impact of rare earths on science</subfield></datafield><datafield ind1=" " ind2=" " tag="260"><subfield code="a">Amsterdam, North-holland, 1989</subfield></datafield><datafield ind1=" " ind2=" " tag="700"><subfield code="a">K.A.Gschneidner And L.Eyring</subfield></datafield><datafield ind1=" " ind2=" " tag="852"><subfield code="a">47004</subfield></datafield></record></collection>